@book{gama10,
 author = {Gama, Joao},
 title = {Knowledge Discovery from Data Streams},
 year = {2010},
 publisher = {Chapman \& Hall/CRC},
} 

@article{gama14,
  author    = {Jo{\~{a}}o Gama and
               Indre Zliobaite and
               Albert Bifet and
               Mykola Pechenizkiy and
               Abdelhamid Bouchachia},
  title     = {A survey on concept drift adaptation},
  journal   = {{ACM} Computing Surveys},
  volume    = {46},
  number    = {4},
  pages     = {44:1--44:37},
  year      = {2014},
}

@article{yang09,
  author    = {Ying Yang and
               Geoffrey I. Webb},
  title     = {Discretization for {Naive-Bayes} learning: managing discretization
               bias and variance},
  journal   = {Machine Learning},
  volume    = {74},
  number    = {1},
  year      = {2009},
  pages     = {39--74},
}

@article{hu09,
 author = {Hu, Hsiao-Wei and Chen, Yen-Liang and Tang, Kwei},
 title = {A Dynamic Discretization Approach for Constructing Decision Trees with a Continuous Label},
 journal = {IEEE Transactions on Knowledge and Data Engineering},
 issue_date = {November 2009},
 volume = {21},
 number = {11},
 year = {2009},
 issn = {1041-4347},
 pages = {1505--1514},
 numpages = {10}
 }

@book{mayer13,
 author = {Mayer-Schnberger, Viktor and Cukier, Kenneth},
 title = {Big Data: A Revolution That Will Transform How We Live, Work and Think.},
 year = {2013},
} 

@book{pyle99,
 author = {Pyle, Dorian},
 title = {Data Preparation for Data Mining},
 year = {1999},
 publisher = {Morgan Kaufmann Publishers Inc.},
} 


@article{brighton02,
author="Brighton, Henry
and Mellish, Chris",
title="Advances in Instance Selection for Instance-Based Learning Algorithms",
journal="Data Mining and Knowledge Discovery",
year="2002",
volume="6",
number="2",
pages="153--172"
}

@book{jolliffe86,
  added-at = {2007-12-09T20:51:37.000+0100},
  author = {Jolliffe, I.T.},
  publisher = {Springer Verlag},
  title = {Principal Component  Analysis},
  year = 1986
}

@article{tomek76,
	author="Tomek, Ivan",
	journal = {IEEE Transactions on Systems, Man, and Cybernetics},
	number = {11},
	pages = {769 - 772},
	title = {Two Modifications of {CNN}},
	volume = {6},
	year = {1976}
}

@article{bolon15,
title = "Recent advances and emerging challenges of feature selection in the context of big data ",
journal = "Knowledge-Based Systems ",
volume = "86",
pages = "33 - 45",
year = "2015",
author = "V. Bol\'on-Canedo and N. S\'anchez-Maro\~no and A. Alonso-Betanzos",
}

@article{cover67,
  Title                    = {Nearest Neighbor Pattern Classification},
  Author                   = {T. M. Cover and P. E. Hart},
  Journal                  = {IEEE Transactions on Information Theory},
  Year                     = {1967},
  Number                   = {1},
  Pages                    = {21--27},
  Volume                   = {13}
}

@article{nie16,
  author  = {Jiazhong Nie and Wojciech Kotlowski and Manfred K. Warmuth},
  title   = {Online {PCA} with Optimal Regret},
  journal = {Journal of Machine Learning Research},
  year    = {2016},
  volume  = {17},
  number  = {173},
  pages   = {1-49}
}

@INPROCEEDINGS{hazan10,
    author = {Elad Hazan and Satyen Kale and Manfred K. Warmuth},
    title = {On-line variance minimization in {O($n^2$)} per trial},
    booktitle = {Proceedings of the 23rd Annual Conference on Learning Theory},
    series = {COLT '10},
    pages = {314--315},
    year = {2010}
}

@article{derrac11,
  author    = {Joaqu\'{\i}n Derrac and
               Salvador Garc\'{\i}a and
               Daniel Molina and
               Francisco Herrera},
  title     = {A practical tutorial on the use of nonparametric statistical
               tests as a methodology for comparing evolutionary and swarm
               intelligence algorithms},
  journal   = {Swarm and Evolutionary Computation},
  volume    = {1},
  number    = {1},
  year      = {2011},
  pages     = {3-18},
}


@book{garcia14,
 author = {Garc\'ia, Salvador and Luengo, Juli\'an and Herrera, Francisco},
 title = {Data Preprocessing in Data Mining},
 year = {2014},
 isbn = {331910246X, 9783319102467},
 publisher = {Springer Publishing Company, Incorporated}
} 

@article{garcia09,
  author    = {Salvador Garc\'{\i}a and
               Alberto Fern{\'a}ndez and
               Juli{\'a}n Luengo and
               Francisco Herrera},
  title     = {A study of statistical techniques and performance measures
               for genetics-based machine learning: accuracy and interpretability},
  journal   = {Soft Computing},
  volume    = {13},
  number    = {10},
  year      = {2009},
  pages     = {959-977},
}


@misc{bache13,
author = "Lichman, Moshe",
year = "2013",
title = "{UCI} Machine Learning Repository",
url = "http://archive.ics.uci.edu/ml",
institution = "University of California, Irvine, School of Information and Computer Sciences"
} 

@techreport{bifet09,
    author = {Bifet, Albert and Kirkby, Richard},
    institution = {The University of Waikato},
    title = {{Data stream mining: a practical approach}},
    year = {2009}
}


@article{bifet10,
  author    = {Albert Bifet and
               Geoff Holmes and
               Richard Kirkby and
               Bernhard Pfahringer},
  title     = {{MOA:} Massive Online Analysis},
  journal   = {Journal of Machine Learning Research},
  volume    = {11},
  pages     = {1601--1604},
  year      = {2010}
}

@inproceedings{hulten01,
 author = {Hulten, Geoff and Spencer, Laurie and Domingos, Pedro},
 title = {Mining Time-changing Data Streams},
 booktitle = {Proceedings of the Seventh ACM SIGKDD International Conference on Knowledge Discovery and Data Mining},
 series = {KDD '01},
 year = {2001},
 pages = {97--106},
 numpages = {10}
} 

@article{eskandari16,
 author = {Eskandari, S. and Javidi, M.M.},
 title = {Online Streaming Feature Selection Using Rough Sets},
 journal = {International Journal of Approximation Reasoning},
 volume = {69},
 number = {C},
 year = {2016},
 pages = {35--57},
 numpages = {23}
} 

@inproceedings{wu10,
  author    = {Xindong Wu and
               Kui Yu and
               Hao Wang and
               Wei Ding},
  title     = {Online Streaming Feature Selection},
  booktitle = {Proceedings of the 27th International Conference on Machine Learning
               (ICML-10)},
  pages     = {1159--1166},
  year      = {2010}
}


@INPROCEEDINGS{barddal15,
author={J. P. Barddal and H. M. Gomes and F. Enembreck},
booktitle={IEEE 27th International Conference on Tools with Artificial Intelligence (ICTAI)},
title={A Survey on Feature Drift Adaptation},
year={2015},
pages={1053-1060}
}

@article{lu16,
title = "A concept drift-tolerant case-base editing technique",
journal = "Artificial Intelligence ",
volume = "230",
number = "",
pages = "108 - 133",
year = "2016",
issn = "0004-3702",
author = "Ning Lu and Jie Lu and Guangquan Zhang and Ramon Lopez de Mantaras",
}

@article{hjal98,
 author = {Hjaltason, G\'{\i}sli R. and Samet, Hanan},
 title = {Incremental Distance Join Algorithms for Spatial Databases},
 journal = {SIGMOD Rec.},
 issue_date = {June 1998},
 volume = {27},
 number = {2},
 month = jun,
 year = {1998},
 issn = {0163-5808},
 pages = {237--248},
 numpages = {12},
 url = {http://doi.acm.org/10.1145/276305.276326},
 doi = {10.1145/276305.276326},
 acmid = {276326},
 publisher = {ACM},
 address = {New York, NY, USA},
} 



@article{gama14,
 author = {Gama, Jo\~{a}o and \v{Z}liobait\.{e}, Indr\.{e} and Bifet, Albert and Pechenizkiy, Mykola and Bouchachia, Abdelhamid},
 title = {A Survey on Concept Drift Adaptation},
 journal = {ACM Comput. Surv.},
 volume = {46},
 number = {4},
 month = mar,
 year = {2014},
 issn = {0360-0300},
 pages = {44:1--44:37},
 articleno = {44},
 numpages = {37}
} 

@book{gama10,
 author = {Gama, Joao},
 title = {Knowledge Discovery from Data Streams},
 year = {2010},
 publisher = {Chapman \& Hall/CRC},
} 


@article{gama12,
author="Gama, Jo{\~a}o",
title="A survey on learning from data streams: current and future trends",
journal="Progress in Artificial Intelligence",
year="2012",
volume="1",
number="1",
pages="45--55"
}


@incollection{gama04,
year={2004},
booktitle={Advances in Artificial Intelligence – SBIA 2004},
volume={3171},
series={Lecture Notes in Computer Science},
title={Learning with Drift Detection},
author={Gama, Jo\~ao and Medas, Pedro and Castillo, Gladys and Rodrigues, Pedro},
pages={286-295},
}



%% Instance selection %%


@Article{aha91,
author="Aha, David W.
and Kibler, Dennis
and Albert, Marc K.",
title="Instance-based learning algorithms",
journal="Machine Learning",
volume="6",
number="1",
pages="37--66",
year=1991
}


@incollection{salga93,
title = "Density-Adaptive Learning and Forgetting ",
editor = "",
booktitle = "Machine Learning Proceedings 1993",
publisher = "Morgan Kaufmann",
edition = "",
year = "1993",
pages = "276 - 283",
author = "Marcos Salganicoff"
}

@ARTICLE{klinken04,
author={Klinkenberg, R.},
title={Learning drifting concepts: Example selection vs. example weighting},
journal={Intelligent Data Analysis},
year={2004},
volume={8},
number={3},
pages={281-300},
}


@article{salga97,
author="Salganicoff, MARCOS",
title="Tolerating Concept and Sampling Shift in Lazy Learning Using Prediction Error Context Switching",
journal="Artificial Intelligence Review",
year="1997",
volume="11",
number="1",
pages="133--155"
}


@article{delany05,
title = "A case-based technique for tracking concept drift in spam filtering ",
journal = "Knowledge-Based Systems ",
volume = "18",
number = "4–5",
pages = "187 - 195",
year = "2005",
author = "Sarah Jane Delany and Pádraig Cunningham and Alexey Tsymbal and Lorcan Coyle",
}

@Inbook{delany07,
author="Delany, Sarah Jane
and Bridge, Derek",
editor="Weber, Rosina O.
and Richter, Michael M.",
chapter="Catching the Drift: Using Feature-Free Case-Based Reasoning for Spam Filtering",
title="Case-Based Reasoning Research and Development: 7th International Conference on Case-Based Reasoning, ICCBR 2007 Belfast, Northern Ireland, UK, August 13-16, 2007 Proceedings",
year="2007",
publisher="Springer Berlin Heidelberg",
pages="314--328",
}

@ARTICLE{berin07,
author={Beringer, J. and H\"ullermeier, E.},
title={Efficient instance-based learning on data streams},
journal={Intelligent Data Analysis},
year={2007},
volume={11},
number={6},
pages={627-650},
}

@article{zlio11,
 author = {\v{Z}liobait\.{e}, Indr\.{e}},
 title = {Combining Similarity in Time and Space for Training Set Formation Under Concept Drift},
 journal = {Intelligent Data Analysis},
 volume = {15},
 number = {4},
 year = {2011},
 pages = {589--611},
 numpages = {23},
}


@ARTICLE{huang07,
author={Huang, S. and Dong, Y.},
title={An active learning system for mining time-changing data streams},
journal={Intelligent Data Analysis},
year={2007},
volume={11},
number={4},
pages={401-419}
} 

@inproceedings{linds10,
  author = {Lindstrom, Patrick and Delany, Sarah Jane and Namee, Brian Mac},
  booktitle = {FLAIRS Conference},
  publisher = {AAAI Press},
  title = {Handling Concept Drift in a Text Data Stream Constrained by High Labelling Cost.},
  year = 2010
}



@article{linds12,
author="Lindstrom, Patrick
and Mac Namee, Brian
and Delany, Sarah Jane",
title="Drift detection using uncertainty distribution divergence",
journal="Evolving Systems",
year="2012",
volume="4",
number="1",
pages="13--25",
}

@inproceedings{smyth95,
 author = {Smyth, Barry and Keane, Mark T.},
 title = {Remembering to Forget: A Competence-preserving Case Deletion Policy for Case-based Reasoning Systems},
 booktitle = {Proceedings of the 14th International Joint Conference on Artificial Intelligence - Volume 1},
 series = {IJCAI'95},
 year = {1995},
 pages = {377--382},
 numpages = {6}
} 


%% Feature selection %% 

@Inbook{kata05,
author="Katakis, Ioannis
and Tsoumakas, Grigorios
and Vlahavas, Ioannis",
editor="Bozanis, Panayiotis
and Houstis, Elias N.",
title="On the Utility of Incremental Feature Selection for the Classification of Textual Data Streams",
 booktitle = {Advances in Informatics: 10th Panhellenic Conference on Informatics},
 series = {PCI'05},
year="2005",
publisher="Springer Berlin Heidelberg",
pages="338--348"
}

@INPROCEEDINGS{wener06,
author={Wenerstrom, B. and Giraud-Carrier, C.},
booktitle={Sixth International Conference on Data Mining, 2006. ICDM '06},
title={Temporal Data Mining in Dynamic Feature Spaces},
year={2006},
pages={1141-1145}}


@inproceedings{carva06,
 author = {Carvalho, Vitor R. and Cohen, William W.},
 title = {Single-pass Online Learning: Performance, Voting Schemes and Online Feature Selection},
 booktitle = {Proceedings of the 12th ACM SIGKDD International Conference on Knowledge Discovery and Data Mining},
 series = {KDD '06},
 year = {2006},
 pages = {548--553},
 numpages = {6}
} 


@inproceedings{masud10,
 author = {Masud, Mohammad M. and Chen, Qing and Gao, Jing and Khan, Latifur and Han, Jiawei and Thuraisingham, Bhavani},
 title = {Classification and Novel Class Detection of Data Streams in a Dynamic Feature Space},
 booktitle = {Proceedings of the 2010 European Conference on Machine Learning and Knowledge Discovery in Databases: Part II},
 series = {ECML PKDD'10},
 year = {2010},
 pages = {337--352},
 numpages = {16}
} 


@inproceedings{nguyen12,
 author = {Nguyen, Hai-Long and Woon, Yew-Kwong and Ng, Wee-Keong and Wan, Li},
 title = {Heterogeneous Ensemble for Feature Drifts in Data Streams},
 booktitle = {Proceedings of the 16th Pacific-Asia Conference on Advances in Knowledge Discovery and Data Mining - Volume Part II},
 series = {PAKDD'12},
 year = {2012},
 pages = {1--12},
 numpages = {12}
} 

@ARTICLE{gomes14,
author={Gomes, J.B. and Gaber, M.M. and Sousa, P.A.C. and Menasalvas, E.},
journal={IEEE Transactions on Neural Networks and Learning Systems},
title={Mining Recurring Concepts in a Dynamic Feature Space},
year={2014},
volume={25},
number={1},
pages={95-110}
}

@ARTICLE{wang14,
author={Jialei Wang and Peilin Zhao and Hoi, S.C.H. and Rong Jin},
journal={IEEE Transactions on Knowledge and Data Engineering},
title={Online Feature Selection and Its Applications},
year={2014},
volume={26},
number={3},
pages={698-710}
}

@inproceedings{shar06,
 author = {Sharfman, Izchak and Schuster, Assaf and Keren, Daniel},
 title = {A Geometric Approach to Monitoring Threshold Functions over Distributed Data Streams},
 booktitle = {Proceedings of the 2006 ACM SIGMOD International Conference on Management of Data},
 series = {SIGMOD '06},
 year = {2006},
 pages = {301--312},
 numpages = {12}
} 


%% Discretization %%

@article{guha09,
  author    = {Sudipto Guha and
               Andrew McGregor},
  title     = {Stream Order and Order Statistics: Quantile Estimation in Random-Order Streams},
  journal   = {{SIAM} Journal on Computation},
  volume    = {38},
  number    = {5},
  pages     = {2044--2059},
  year      = {2009}
}



@INPROCEEDINGS{gupta03,
    author = {Anupam Gupta and Francis X. Zane},
    title = {Counting inversions in lists},
    booktitle = {In Proceedings of the 14th Annual ACM-SIAM Symp. on Discrete Algorithms},
    year = {2003},
    pages = {253--254}
}

@inproceedings{gama06,
 author = {Gama, Jo\~{a}o and Pinto, Carlos},
 title = {Discretization from Data Streams: Applications to Histograms and Data Mining},
 booktitle = {Proceedings of the 2006 ACM Symposium on Applied Computing},
 series = {SAC '06},
 year = {2006},
 pages = {662--667},
 numpages = {6}
} 

@inproceedings{lu06,
 author = {Lu, Jingli and Yang, Ying and Webb, Geoffrey I.},
 title = {Incremental Discretization for Na\"{\i}ve-Bayes Classifier},
 booktitle = {Proceedings of the Second International Conference on Advanced Data Mining and Applications},
 series = {ADMA'06},
 year = {2006},
 pages = {223--238},
 numpages = {16}
} 

@article{ben10,
 author = {Ben-Haim, Yael and Tom-Tov, Elad},
 title = {A Streaming Parallel Decision Tree Algorithm},
 journal = {Journal of Machine Learning Research},
 volume = {11},
 year = {2010},
 pages = {849--872},
 numpages = {24}
} 

@Inbook{lehti12,
author="Lehtinen, Petri
and Saarela, Matti
and Elomaa, Tapio",
editor="Holmes, Dawn E.
and Jain, Lakhmi C.",
chapter="Data Mining: Foundations and Intelligent Paradigms: Volume 2: Statistical, Bayesian, Time Series and other Theoretical Aspects",
title="Online ChiMerge Algorithm",
year="2012",
publisher="Springer Berlin Heidelberg",
address="Berlin, Heidelberg",
pages="199--216",
}

@INPROCEEDINGS{webb14,
author={Webb, G.I.},
booktitle={IEEE International Conference on Data Mining (ICDM)},
title={Contrary to Popular Belief Incremental Discretization can be Sound, Computationally Efficient and Extremely Useful for Streaming Data},
year={2014},
pages={1031-1036}
}




